@article{bert,
  title   = {BERT: Pre-training of Deep Bidirectional Transformers for Language Understanding},
  author  = {Devlin, Jacob and Chang, Ming-Wei and Lee, Kenton and Toutanova, Kristina},
  journal = {arXiv preprint arXiv:1810.04805},
  year    = {2018}
}

@inproceedings{Facial,
  author    = {Babajee, Phavish and Suddul, Geerish and Armoogum, Sandhya and Foogooa, Ravi},
  booktitle = {2020 Zooming Innovation in Consumer Technologies Conference (ZINC)},
  title     = {Identifying Human Emotions from Facial Expressions with Deep Learning},
  year      = {2020},
  pages     = {36-39},
  doi       = {10.1109/ZINC50678.2020.9161445}
}

@inproceedings{goEmotions,
  title     = "{G}o{E}motions: A Dataset of Fine-Grained Emotions",
  author    = "Demszky, Dorottya and Movshovitz-Attias, Dana and Ko,
               Jeongwoo and Cowen, Alan and Nemade, Gaurav and Ravi, Sujith",
  booktitle = "Proceedings of the 58th Annual Meeting of the
               Association for Computational Linguistics",
  month     = jul,
  year      = "2020",
  address   = "Online",
  publisher = "Association for Computational Linguistics",
  url       = "https://www.aclweb.org/anthology/2020.acl-main.372",
  pages     = "4040--4054",
}

@inproceedings{AffectiveText,
  title     = "{S}em{E}val-2007 Task 14: Affective Text",
  author    = "Strapparava, Carlo  and Mihalcea, Rada",
  booktitle = "Proceedings of the Fourth International Workshop
               on Semantic Evaluations ({S}em{E}val-2007)",
  month     = jun,
  year      = "2007",
  address   = "Prague, Czech Republic",
  publisher = "Association for Computational Linguistics",
  url       = "https://aclanthology.org/S07-1013",
  pages     = "70--74",
}

@inproceedings{microaggressions,
  title     = "Finding microaggressions in the wild: A case for locating
               elusive phenomena in social media posts",
  booktitle = "Proceedings of the 2019 Conference on Empirical Methods in
               Natural Language Processing and the 9th International Joint
               Conference on Natural Language Processing ({EMNLP-IJCNLP})",
  author    = "Breitfeller, Luke and Ahn, Emily and Jurgens, David and
               Tsvetkov, Yulia",
  publisher = "Association for Computational Linguistics",
  year      =  2019,
  address   = "Stroudsburg, PA, USA"
}

@article{basicemotions,
  title    = "An argument for basic emotions",
  author   = "Ekman, Paul",
  journal  = "Cogn. Emot.",
  volume   =  6,
  number   = "3-4",
  pages    = "169--200",
  year     =  1992,
  language = "en"
}

@book{AffectiveComputing,
  title     = "Affective Computing",
  author    = "Picard, Rosalind W",
  publisher = "MIT Press",
  year      =  2000,
  address   = "London, England"
}

@inproceedings{Mohammad2018-gv,
  title     = "{SemEval-2018} Task 1: Affect in Tweets",
  booktitle = "Proceedings of The 12th International Workshop on Semantic
               Evaluation",
  author    = "Mohammad, Saif and Bravo-Marquez, Felipe and Salameh, Mohammad
               and Kiritchenko, Svetlana",
  publisher = "Association for Computational Linguistics",
  year      =  2018,
  address   = "Stroudsburg, PA, USA"
}

@misc{Co_undated-sh,
  title        = "Power, privilege, and everyday life",
  booktitle    = "Microaggressions.com",
  author       = "Co, Style Hatch-Http://stylehatch and {@stylehatch / Jonathan
                  Moore-http://jonathanmoore.com} and {@newezra}",
  howpublished = "\url{http://microaggressions.com}",
  note         = "Accessed: 2021-10-20"
}

@misc{ma2019nlpaug,
  title        = {NLP Augmentation},
  author       = {Edward Ma},
  howpublished = "\url{https://github.com/makcedward/nlpaug}",
  year         = {2019}
}
